<?xml version="1.0" encoding="UTF-8"?><collection xmlns="http://www.loc.gov/MARC21/slim"><record><leader>00616nam--2200193-u-4500</leader><controlfield tag="001">000054742</controlfield><controlfield tag="002">20161230</controlfield><controlfield tag="005">20161230201051</controlfield><controlfield tag="008">120528s1000------------r-----000-0-rum-d</controlfield><datafield ind1=" " ind2=" " tag="040"><subfield code="a">IFIN-HH</subfield></datafield><datafield ind1=" " ind2=" " tag="041"><subfield code="a">rum</subfield></datafield><datafield ind1=" " ind2=" " tag="080"><subfield code="a">539.172.3:539.2(043)</subfield></datafield><datafield ind1="1" ind2=" " tag="100"><subfield code="a">Sorescu, Monica</subfield></datafield><datafield ind1="1" ind2="0" tag="245"><subfield code="a">Perturbarea functiei de corelatie nucleara si de retea in spetroscopia de rezonanta nulceara gama</subfield><subfield code="b">Teza</subfield><subfield code="c">Monica sorescu</subfield></datafield><datafield ind1=" " ind2=" " tag="260"><subfield code="a">Bucuresti</subfield><subfield code="b">Institutul De Fizica Atomica</subfield><subfield code="c">1991</subfield></datafield><datafield ind1=" " ind2=" " tag="300"><subfield code="a">134P</subfield></datafield><datafield ind1=" " ind2=" " tag="502"><subfield code="a">Conducatoe Stiintific: Prof.Dr. Marius Petrascu</subfield></datafield><datafield ind1=" " ind2=" " tag="852"><subfield code="a">79856</subfield><subfield code="c">539.163.2</subfield></datafield><datafield ind1=" " ind2=" " tag="CAT"><subfield code="a">Sys</subfield><subfield code="c">20120528</subfield><subfield code="h">141827</subfield></datafield></record></collection>